<record><leader>00000cas a22000007a 4500</leader><controlfield tag="001">15618953</controlfield><controlfield tag="008">870501d192219uuwiuwr ne      0    0ger d</controlfield><datafield ind1=" " ind2=" " tag="010"><subfield code="a">sn 87082463 </subfield></datafield><datafield ind1=" " ind2=" " tag="040"><subfield code="a">NPV</subfield><subfield code="b">eng</subfield><subfield code="c">NPV</subfield><subfield code="d">OCLCQ</subfield></datafield><datafield ind1=" " ind2=" " tag="042"><subfield code="a">msc</subfield></datafield><datafield ind1="0" ind2=" " tag="130"><subfield code="a">Seebote (Milwaukee, Wis. : 1922 : Weekly)</subfield></datafield><datafield ind1="1" ind2="4" tag="245"><subfield code="a">Der Seebote.</subfield></datafield><datafield ind1="3" ind2="0" tag="246"><subfield code="a">National-farmer</subfield></datafield><datafield ind1=" " ind2=" " tag="260"><subfield code="a">Milwaukee, Wis. :</subfield><subfield code="b">[Columbia Pub. Co.],</subfield><subfield code="c">1922-</subfield></datafield><datafield ind1=" " ind2=" " tag="300"><subfield code="a">v.</subfield></datafield><datafield ind1=" " ind2=" " tag="310"><subfield code="a">Weekly</subfield></datafield><datafield ind1="0" ind2=" " tag="362"><subfield code="a">70. Jahrg., no. 29 (9Sept. 1922)-</subfield></datafield><datafield ind1=" " ind2=" " tag="500"><subfield code="a">Published in Winona, Minn., Sept. 23, 1922-&lt;Nov. 29, 1924&gt;.</subfield></datafield><datafield ind1=" " ind2=" " tag="500"><subfield code="a">"Sonntags Ausgabe der Columbia."</subfield></datafield><datafield ind1=" " ind2=" " tag="500"><subfield code="a">Semi-monthly supplement: National-farmer.</subfield></datafield><datafield ind1=" " ind2=" " tag="752"><subfield code="a">United States</subfield><subfield code="b">Wisconsin</subfield><subfield code="c">Milwaukee</subfield><subfield code="d">Milwaukee.</subfield></datafield><datafield ind1=" " ind2=" " tag="752"><subfield code="a">United States</subfield><subfield code="b">Wisconsin</subfield><subfield code="c">Washington</subfield><subfield code="d">Milwaukee.</subfield></datafield><datafield ind1=" " ind2=" " tag="752"><subfield code="a">United States</subfield><subfield code="b">Minnesota</subfield><subfield code="c">Winona</subfield><subfield code="d">Winona.</subfield></datafield><datafield ind1="0" ind2="0" tag="780"><subfield code="t">Seebote und der Sonntagsbote</subfield><subfield code="w">(DLC)sn 87082462</subfield></datafield></record>